<record><leader>00000cas a22000007a 4500</leader><controlfield tag="001">25858085</controlfield><controlfield tag="008">920521d19171923ncuwr ne      0    0eng d</controlfield><datafield ind1=" " ind2=" " tag="010"><subfield code="a">sn 92073053 </subfield></datafield><datafield ind1=" " ind2=" " tag="040"><subfield code="a">NVJ</subfield><subfield code="b">eng</subfield><subfield code="c">NVJ</subfield><subfield code="d">FUG</subfield><subfield code="d">OCLCQ</subfield><subfield code="d">OCLCF</subfield><subfield code="d">OCLCO</subfield></datafield><datafield ind1="1" ind2=" " tag="029"><subfield code="a">AU@</subfield><subfield code="b">000020702041</subfield></datafield><datafield ind1=" " ind2=" " tag="042"><subfield code="a">msc</subfield></datafield><datafield ind1=" " ind2=" " tag="043"><subfield code="a">n-us-nc</subfield></datafield><datafield ind1="0" ind2=" " tag="130"><subfield code="a">Progressive farmer (Raleigh, N.C. : 1917)</subfield></datafield><datafield ind1="1" ind2="4" tag="245"><subfield code="a">The progressive farmer.</subfield></datafield><datafield ind1=" " ind2=" " tag="250"><subfield code="a">Eastern ed.</subfield></datafield><datafield ind1=" " ind2=" " tag="260"><subfield code="a">Raleigh, N.C. :</subfield><subfield code="b">Progressive Farmer Co.,</subfield><subfield code="c">1917-1923.</subfield></datafield><datafield ind1=" " ind2=" " tag="300"><subfield code="a">7 v. :</subfield><subfield code="b">ill. ;</subfield><subfield code="c">39 cm.</subfield></datafield><datafield ind1=" " ind2=" " tag="310"><subfield code="a">Weekly</subfield></datafield><datafield ind1="0" ind2=" " tag="362"><subfield code="a">Vol. 32, no. 29 (July 21, 1917)-v. 38, no. 1 (Jan. 6, 1923).</subfield></datafield><datafield ind1=" " ind2=" " tag="500"><subfield code="a">"A farm and home weekly for the Carolinas, Virginia, Georgia, and Florida" 1917-1920.</subfield></datafield><datafield ind1=" " ind2=" " tag="500"><subfield code="a">Called "Carolinas-Virginia ed." 1920-1923.</subfield></datafield><datafield ind1=" " ind2=" " tag="580"><subfield code="a">Other regional eds., 1920-1923: Progressive farmer (Birmingham, Ala. : 1920), Progressive farmer (Memphis, Tenn. : 1920), Progressive farmer (Dallas, Tex. : 1920).</subfield></datafield><datafield ind1=" " ind2="0" tag="650"><subfield code="a">Agriculture</subfield><subfield code="z">Southern States</subfield><subfield code="v">Newspapers.</subfield></datafield><datafield ind1=" " ind2="0" tag="651"><subfield code="a">Raleigh (N.C.)</subfield><subfield code="v">Newspapers.</subfield></datafield><datafield ind1=" " ind2="0" tag="651"><subfield code="a">Wake County (N.C.)</subfield><subfield code="v">Newspapers.</subfield></datafield><datafield ind1=" " ind2="7" tag="655"><subfield code="a">Newspapers.</subfield><subfield code="2">fast</subfield><subfield code="0">(OCoLC)fst01423814</subfield></datafield><datafield ind1=" " ind2="7" tag="650"><subfield code="a">Agriculture.</subfield><subfield code="2">fast</subfield><subfield code="0">(OCoLC)fst00801355</subfield></datafield><datafield ind1=" " ind2="7" tag="651"><subfield code="a">North Carolina</subfield><subfield code="z">Raleigh.</subfield><subfield code="2">fast</subfield><subfield code="0">(OCoLC)fst01206341</subfield></datafield><datafield ind1=" " ind2="7" tag="651"><subfield code="a">North Carolina</subfield><subfield code="z">Wake County.</subfield><subfield code="2">fast</subfield><subfield code="0">(OCoLC)fst01204274</subfield></datafield><datafield ind1=" " ind2="7" tag="651"><subfield code="a">Southern States.</subfield><subfield code="2">fast</subfield><subfield code="0">(OCoLC)fst01244550</subfield></datafield><datafield ind1=" " ind2=" " tag="752"><subfield code="a">United States</subfield><subfield code="b">North Carolina</subfield><subfield code="c">Wake</subfield><subfield code="d">Raleigh.</subfield></datafield><datafield ind1="0" ind2=" " tag="776"><subfield code="t">Progressive farmer and southern farm gazette (Starkville, Miss.)</subfield><subfield code="g">1917-1920</subfield><subfield code="w">(DLC)sn 87065610</subfield><subfield code="w">(OCoLC)16396692</subfield></datafield><datafield ind1="1" ind2=" " tag="776"><subfield code="t">Progressive farmer (Birmingham, Ala. : 1920)</subfield><subfield code="w">(DLC)sn 96027721</subfield><subfield code="w">(OCoLC)36062430</subfield></datafield><datafield ind1="1" ind2=" " tag="776"><subfield code="t">Progressive farmer (Memphis, Tenn. : 1920)</subfield></datafield><datafield ind1="1" ind2=" " tag="776"><subfield code="t">Progressive farmer (Dallas, Tex. : 1920)</subfield></datafield><datafield ind1="0" ind2="0" tag="780"><subfield code="t">Progressive farmer and southern farm gazette (Raleigh, N.C.)</subfield><subfield code="w">(DLC)sn 92073052</subfield><subfield code="w">(OCoLC)25858045</subfield></datafield><datafield ind1="0" ind2="0" tag="785"><subfield code="t">Progressive farmer and farm woman (Raleigh, N.C.)</subfield><subfield code="w">(DLC)sn 92073055</subfield><subfield code="w">(OCoLC)25909977</subfield></datafield></record>